@article{origin,
  title={Decomposing Biological Motion: A Framework for Analysis and Synthesis of Human Gait Patterns},
  author={Troje, Nikolaus F},
  journal={Journal of vision},
  volume={2},
  number={5},
  year={2002},
  publisher={Association for Research in Vision and Ophthalmology}
}

@misc{kinect,
  title = {{Kinect for Windows | Voice, Movement \& Gesture Recognition Technology}},
  howpublished = {\url{http://www.microsoft.com/en-us/kinectforwindows/}},
  note = {Accessed: 1/02/2013}
}

@misc{csprogram,
  title = {{Projekt-Seminar}},
  howpublished = {\url{https://github.com/xamino/Projekt-Seminar}},
  note = {Accessed: 1/02/2013}
}

@misc{matlabprograms,
  title = {{Projekt-Seminar-Matlab}},
  howpublished = {\url{https://github.com/xamino/projekt_seminar_matlab}},
  note = {Accessed: 1/02/2013}
}
